@techreport{Larsen2015AnMarket,
    title = {{An efficiency test on micro data from the Norwegian housing market*}},
    year = {2015},
    author = {Larsen, Erling Røed and Kall{\aa}k Anundsen, André},
    keywords = {C21, D12, D44, Hedonic Model, Housing Market, Micro Persistence, Repeat Sales JEL classification: R31}
}

@article{Linneman1986AnMarket,
    title = {{An empirical test of the efficiency of the housing market}},
    year = {1986},
    journal = {Journal of Urban Economics},
    author = {Linneman, Peter},
    number = {2},
    month = {9},
    pages = {140--154},
    volume = {20},
    publisher = {Academic Press},
    url = {https://www-sciencedirect-com.simsrad.net.ocs.mq.edu.au/science/article/pii/0094119086900033},
    doi = {10.1016/0094-1190(86)90003-3},
    issn = {0094-1190}
}

@techreport{Glaeser2015An,
    title = {{An Extrapolative Model of House Price Dynamics *}},
    year = {2015},
    author = {Glaeser, Edward L and Nathanson, Charles G and Daniel, Kent and Dew-Becker, Ian and Ferreira, Fernando and Guren, Adam and Levine, David and Piazzesi, Monika and Ponzetto, Giacomo and Stanton, Richard and Nieuwerburgh, Van and Zwick, Eric}
}

@article{Andre2017AppliedCountries,
    title = {{Applied Economics Testing for persistence in housing price-to-income and price-to-rent ratios in 16 OECD countries Testing for persistence in housing price-to-income and price-to-rent ratios in 16 OECD countries}},
    year = {2017},
    author = {Andr{\'{e}}, Christophe and Gil-Alana, Luis A and Gupta, Rangan},
    url = {http://www.tandfonline.com/action/journalInformation?journalCode=raec20 http://dx.doi.org/10.1080/00036846.2014.896988},
    doi = {10.1080/00036846.2014.896988},
    keywords = {C22, R31, fractional inte-gration, housing, long memory JEL Classification, persistence, price-to-income ratio, price-to-rent ratio}
}

@article{Elder2012AppliedIndices,
    title = {{Applied Financial Economics Persistence in the return and volatility of home price indices}},
    year = {2012},
    journal = {Applied Financial Economics},
    author = {Elder, John and Villupuram, Sriram},
    pages = {1855--1868},
    volume = {22},
    url = {http://www.tandfonline.com/action/journalInformation?journalCode=rafe20 http://dx.doi.org/10.1080/09603107.2012.687095},
    doi = {10.1080/09603107.2012.687095},
    keywords = {C22, G14, G17, fractional differencing, home prices JEL Classification, long memory}
}

@article{AreRun,
    title = {{Are Improved Homes Overcapitalised in the Long Run}}
}

@article{MollicaAre,
    title = {{Are Improved Homes Overcapitalized in the Long Run? *}},
    author = {Mollica, Vito and Pardasani, Haresh and Trueck, Stefan},
    number = {47},
    volume = {25},
    keywords = {Development Approvals, Home Improvement, House Prices, Housing Re-investments, Re-modeling}
}

@article{Agnello2011BoomsImplications,
    title = {{Booms and busts in housing markets: Determinants and implications}},
    year = {2011},
    journal = {Journal of Housing Economics},
    author = {Agnello, Luca and Schuknecht, Ludger},
    isbn = {10511377},
    doi = {10.1016/j.jhe.2011.04.001},
    issn = {10511377},
    keywords = {Booms and busts, Credit growth, Financial deregulation, Global liquidity, Housing prices, Monetary policies}
}

@article{Baltagi2015CointegrationSingapore,
    title = {{Cointegration of matched home purchases and rental price indexes — Evidence from Singapore}},
    year = {2015},
    journal = {Regional Science and Urban Economics},
    author = {Baltagi, Badi H. and Li, Jing},
    pages = {80--88},
    volume = {55},
    doi = {10.1016/j.regsciurbeco.2015.10.001},
    issn = {01660462}
}

@misc{ColumbiaUniversityCompletingTears,
    title = {{Completing your dissertation without tears}},
    author = {{Columbia University}},
    keywords = {()}
}

@article{Kau1994DefaultMortgages,
    title = {{Default probabilities for mortgages}},
    year = {1994},
    journal = {Journal of Urban Economics},
    author = {Kau, James B. and Keenan, Donald C. and Kim, Taewon},
    isbn = {0094-1190},
    doi = {10.1006/juec.1994.1017},
    issn = {00941190}
}

@article{Zhu2009DoesMarket,
    title = {{Does the market maker stabilize the market?}},
    year = {2009},
    journal = {Physica A: Statistical Mechanics and its Applications},
    author = {Zhu, Mei and Chiarella, Carl and He, Xue Zhong and Wang, Duo},
    isbn = {0378-4371},
    doi = {10.1016/j.physa.2009.04.013},
    issn = {03784371},
    keywords = {Inventory, Market maker, Market stability, Speculators}
}

@article{Summers1986DoesValues,
    title = {{Does the Stock Market Rationally Reflect Fundamental Values?}},
    year = {1986},
    journal = {The Journal of Finance},
    author = {Summers, Lawrence H.},
    number = {3},
    month = {7},
    pages = {591},
    volume = {41},
    publisher = {WileyAmerican Finance Association},
    url = {https://www.jstor.org/stable/2328487?origin=crossref},
    doi = {10.2307/2328487},
    issn = {00221082}
}

@article{Hjalmarsson2009EfficiencyDiscount,
    title = {{Efficiency in housing markets: Which home buyers know how to discount?}},
    year = {2009},
    journal = {Journal of Banking {\&} Finance},
    author = {Hjalmarsson, Erik and Hjalmarsson, Randi},
    number = {11},
    pages = {2150--2163},
    volume = {33},
    doi = {10.1016/j.jbankfin.2009.05.014},
    issn = {03784266}
}

@article{Fama1970EfficientWork,
    title = {{Efficient Capital Markets: A Review of Theory and Empirical Work}},
    year = {1970},
    journal = {The Journal of Finance},
    author = {Fama, Eugene F.},
    number = {2},
    month = {5},
    pages = {383},
    volume = {25},
    publisher = {WileyAmerican Finance Association},
    url = {https://www.jstor.org/stable/2325486?origin=crossref},
    doi = {10.2307/2325486},
    issn = {00221082}
}

@article{Empirical_papers_suggestions,
    title = {{empirical{\_}papers{\_}suggestions}}
}

@techreport{Maier2010EPubRepository,
    title = {{ePub WU Institutional Repository}},
    year = {2010},
    author = {Maier, Gunther and Herath, Shanaka}
}

@techreport{Asmuni2015EssaysRetirees,
    title = {{Essays on Annuities and their Economic Value for Retirees}},
    year = {2015},
    author = {Asmuni, Nurin Haniah}
}

@article{Engsted2016ExplosiveCountries,
    title = {{Explosive bubbles in house prices? Evidence from the OECD countries}},
    year = {2016},
    journal = {Journal of International Financial Markets, Institutions and Money},
    author = {Engsted, Tom and Hviid, Simon J. and Pedersen, Thomas Q.},
    pages = {14--25},
    volume = {40},
    doi = {10.1016/j.intfin.2015.07.006},
    issn = {10424431}
}

@article{Hill2016HedonicMarket,
    title = {{Hedonic price–rent ratios, user cost, and departures from equilibrium in the housing market}},
    year = {2016},
    journal = {Regional Science and Urban Economics},
    author = {Hill, Robert J. and Syed, Iqbal A.},
    pages = {60--72},
    volume = {56},
    doi = {10.1016/j.regsciurbeco.2015.11.001},
    issn = {01660462}
}

@article{Wright2010HeterogeneousOriginality,
    title = {{Heterogeneous Asset Pricing: An Examination of the Australian Residential Real Estate Market Certificate of Originality}},
    year = {2010},
    author = {Wright, Danika}
}

@techreport{Wright2010HeterogeneousOriginalityb,
    title = {{Heterogeneous Asset Pricing: An Examination of the Australian Residential Real Estate Market Certificate of Originality}},
    year = {2010},
    author = {Wright, Danika}
}

@article{Liu2016HousingDynamics,
    title = {{Housing price bubbles, new supply, and within-city dynamics}},
    year = {2016},
    journal = {Journal of Urban Economics},
    author = {Liu, Crocker H. and Nowak, Adam and Rosenthal, Stuart S.},
    isbn = {0094-1190},
    doi = {10.1016/j.jue.2016.08.002},
    issn = {00941190},
    keywords = {Housing bubble, Price dynamics, Repeat sales}
}

@article{Glaeser2008HousingBubbles,
    title = {{Housing supply and housing bubbles}},
    year = {2008},
    journal = {Journal of Urban Economics},
    author = {Glaeser, Edward L. and Gyourko, Joseph and Saiz, Albert},
    number = {2},
    pages = {198--217},
    volume = {64},
    doi = {10.1016/j.jue.2008.07.007},
    issn = {00941190}
}

@article{Mori,
    title = {{mori}}
}

@article{Jiang2015NewMarket,
    title = {{New methodology for constructing real estate price indices applied to the Singapore residential market}},
    year = {2015},
    journal = {Journal of Banking and Finance},
    author = {Jiang, Liang and Phillips, Peter C.B. and Yu, Jun},
    doi = {10.1016/j.jbankfin.2015.08.026},
    issn = {03784266},
    keywords = {Cooling measures, Explosive behavior, Hedonic models, Prediction, Real estate price index, Repeat sales}
}

@article{LukasOverpricingE,
    title = {{Overpricing, Market Outcomes, and Advertising E}},
    author = {Lukas, Moritz and Mollica, Vito and N{\"{o}}th, Markus and Tr{\"{u}}ck, Stefan},
    keywords = {Behavioral Economics, D03, D83 Keywords, Housing Markets {\'{u}}, JEL Classification, R31, Real Estate Economics}
}

@misc{SinaiOwner-OccupiedRisk,
    title = {{Owner-Occupied Housing as a Hedge against Rent Risk}},
    booktitle = {The Quarterly Journal of Economics},
    author = {Sinai, Todd and Souleles, Nicholas S.},
    pages = {763--789},
    volume = {120},
    publisher = {Oxford University Press},
    url = {https://www.jstor.org/stable/25098752},
    doi = {10.2307/25098752}
}

@article{Maintainer2015PackageHypothesis,
    title = {{Package 'vrtest' Title Variance Ratio tests and other tests for Martingale Difference Hypothesis}},
    year = {2015},
    author = {Maintainer, Jae H Kim and Kim, Jae H}
}

@article{Schindler2014PersistenceMovements,
    title = {{Persistence and Predictability in UK House Price Movements}},
    year = {2014},
    journal = {Journal of Real Estate Finance and Economics},
    author = {Schindler, Felix},
    isbn = {0895-5638},
    doi = {10.1007/s11146-012-9384-x},
    issn = {08955638},
    keywords = {Housing market, Persistence, Predictability, Times series model}
}

@techreport{Miller1977RISKOPINION,
    title = {{RISK, UNCERTAINTY, AND DIVERGENCE OF OPINION}},
    year = {1977},
    booktitle = {THE JOURNAL OF FINANCE},
    author = {Miller, Edward M},
    number = {4},
    volume = {XXXII},
    url = {https://about.jstor.org/terms}
}

@article{Choi2014SpeculatingImprovements,
    title = {{Speculating on home improvements}},
    year = {2014},
    journal = {Journal of Financial Economics},
    author = {Choi, Hyun Soo and Hong, Harrison and Scheinkman, Jose},
    isbn = {0304-405X},
    doi = {10.1016/j.jfineco.2013.11.011},
    issn = {0304405X},
    keywords = {Home improvements, Real estate, Remodeling, Speculation}
}

@article{Choi2014SpeculatingImprovementsb,
    title = {{Speculating on home improvements}},
    year = {2014},
    journal = {Journal of Financial Economics},
    author = {Choi, Hyun Soo and Hong, Harrison and Scheinkman, Jose},
    isbn = {0304-405X},
    doi = {10.1016/j.jfineco.2013.11.011},
    issn = {0304405X},
    keywords = {Home improvements, Real estate, Remodeling, Speculation}
}

@article{Paciorek2013SupplyDynamics,
    title = {{Supply constraints and housing market dynamics}},
    year = {2013},
    journal = {Journal of Urban Economics},
    author = {Paciorek, Andrew},
    isbn = {0094-1190},
    doi = {10.1016/j.jue.2013.04.001},
    issn = {00941190},
    pmid = {25246403},
    arxivId = {arXiv:1011.1669v3},
    keywords = {House prices, Housing supply, Regulation, Supply lags, Volatility}
}

@article{Gil-AlanaTESTINGPRICES,
    title = {{TESTING FOR PERSISTENCE IN SOUTH AFRICAN HOUSE PRICES}},
    author = {Gil-Alana, Luis A and Aye, Goodness C and Gupta, Rangan}
}

@article{RedLarsen2008TestingMarket,
    title = {{Testing the efficiency of the Norwegian housing market}},
    year = {2008},
    journal = {Journal of Urban Economics},
    author = {R{\o}ed Larsen, Erling and Weum, Steffen},
    number = {2},
    month = {9},
    pages = {510--517},
    volume = {64},
    publisher = {Academic Press},
    url = {https://www.sciencedirect.com/science/article/pii/S0094119008000429?via%3Dihub},
    doi = {10.1016/J.JUE.2008.05.004},
    issn = {0094-1190}
}

@article{Meese1994TestingFrancisco,
    title = {{Testing the Present Value Relation for Housing Prices: Should I Leave My House in San Francisco?}},
    year = {1994},
    journal = {Journal of Urban Economics},
    author = {Meese, Richard and Wallace, Nancy},
    number = {3},
    month = {5},
    pages = {245--266},
    volume = {35},
    publisher = {Academic Press},
    url = {https://www.sciencedirect.com/science/article/pii/S0094119084710151},
    doi = {10.1006/JUEC.1994.1015},
    issn = {0094-1190}
}

@article{Meese1994TestingFranciscob,
    title = {{Testing the present value relation for housing prices: Should i leave my house in San Francisco?}},
    year = {1994},
    journal = {Journal of Urban Economics},
    author = {Meese, Richard and Wallace, Nancy},
    isbn = {0094-1190},
    doi = {10.1006/juec.1994.1015},
    issn = {00941190}
}

@article{Acemoglu2016TheMarket,
    title = {{The Impact of IT on the Labor Market}},
    year = {2016},
    author = {Acemoglu, Daron}
}

@article{Acemoglu2016TheMarketb,
    title = {{The Impact of IT on the Labor Market}},
    year = {2016},
    author = {Acemoglu, Daron}
}

@article{Caldera2013TheCountries,
    title = {{The price responsiveness of housing supply in OECD countries}},
    year = {2013},
    journal = {Journal of Housing Economics},
    author = {Caldera, Aida and Johansson, Åsa},
    isbn = {null},
    doi = {10.1016/j.jhe.2013.05.002},
    issn = {10511377},
    pmid = {1393841},
    keywords = {House prices, Housing markets, Housing supply, Land use regulation}
}

@article{Capozza1994TheMarkets,
    title = {{The risk structure of land markets}},
    year = {1994},
    journal = {Journal of Urban Economics},
    author = {Capozza, Dennis R. and Sick, Gordon A.},
    isbn = {0094-1190},
    doi = {10.1006/juec.1994.1018},
    issn = {00941190}
}

@article{376377000d000i000s000s000e000r000t000a000t000i000o000n,
    title = {{{\textbackslash}376{\textbackslash}377{\textbackslash}000d{\textbackslash}000i{\textbackslash}000s{\textbackslash}000s{\textbackslash}000e{\textbackslash}000r{\textbackslash}000t{\textbackslash}000a{\textbackslash}000t{\textbackslash}000i{\textbackslash}000o{\textbackslash}000n}},
    keywords = {()}
}

@article{BADCOCK1994SnakesAustralia,
    title = {{‘Snakes or Ladders?’: The Housing Market and Wealth Distribution in Australia}},
    year = {1994},
    journal = {International Journal of Urban and Regional Research},
    author = {BADCOCK, BLAIR},
    doi = {10.1111/j.1468-2427.1994.tb00289.x},
    issn = {14682427}
}