 @article{Nash,
author = {Nash, John F.}, 
title = {Equilibrium points in n-person games},
volume = {36}, 
number = {1}, 
pages = {48-49}, 
year = {1950}, 
doi = {10.1073/pnas.36.1.48}, 
URL = {http://www.pnas.org/content/36/1/48.short}, 
eprint = {http://www.pnas.org/content/36/1/48.full.pdf+html}, 
journal = {Proceedings of the National Academy of Sciences} 
}


@article{elder2012persistence,
  title={Persistence in the return and volatility of home price indices},
  author={Elder, John and Villupuram, Sriram},
  journal={Applied Financial Economics},
  volume={22},
  number={22},
  pages={1855--1868},
  year={2012},
  publisher={Taylor \& Francis}
}

@article{kim2009automatic,
  title={Automatic variance ratio test under conditional heteroskedasticity},
  author={Kim, Jae H},
  journal={Finance Research Letters},
  volume={6},
  number={3},
  pages={179--185},
  year={2009},
  publisher={Elsevier}
}

@article{karl1989efficiency,
  title={The efficiency of the market for single-family homes},
  author={Karl, EC and Shiller, Robert J and others},
  journal={The American Economic Review},
  volume={79},
  number={1},
  pages={125--137},
  year={1989}
}


@article{lo1988stock,
  title={Stock market prices do not follow random walks: Evidence from a simple specification test},
  author={Lo, Andrew W and MacKinlay, A Craig},
  journal={The review of financial studies},
  volume={1},
  number={1},
  pages={41--66},
  year={1988},
  publisher={Oxford University Press}
}

@article{lo1989size,
  title={The size and power of the variance ratio test in finite samples: A Monte Carlo investigation},
  author={Lo, Andrew W and MacKinlay, A Craig},
  journal={Journal of econometrics},
  volume={40},
  number={2},
  pages={203--238},
  year={1989},
  publisher={Elsevier}
}

@article{liu1991variance,
  title={A Variance-Ratio Test of Random Walks in Foreign Exchange Rates},
  author={Liu, Christina Y and He, Jia},
  journal={The Journal of Finance},
  volume={46},
  number={2},
  pages={773--785},
  year={1991},
  publisher={Wiley Online Library}
}

@article{choi1999testing,
  title={Testing the random walk hypothesis for real exchange rates},
  author={Choi, In},
  journal={Journal of Applied Econometrics},
  pages={293--308},
  year={1999},
  publisher={JSTOR}
}

@article{andrews1991heteroskedasticity,
  title={Heteroskedasticity and autocorrelation consistent covariance matrix estimation},
  author={Andrews, Donald WK},
  journal={Econometrica: Journal of the Econometric Society},
  pages={817--858},
  year={1991},
  publisher={JSTOR}
}


@article{mammen1993bootstrap,
  title={Bootstrap and wild bootstrap for high dimensional linear models},
  author={Mammen, Enno},
  journal={The annals of statistics},
  pages={255--285},
  year={1993},
  publisher={JSTOR}
}


@article{kim2006wild,
  title={Wild bootstrapping variance ratio tests},
  author={Kim, Jae H},
  journal={Economics letters},
  volume={92},
  number={1},
  pages={38--43},
  year={2006},
  publisher={Elsevier}
}